@article{City,
    url={https://www.chicago.gov/city/en/depts/dca/supp_info/chicago_s_publicartcloudgateinmillenniumpark.html},
    journal={City of Chicago}
} 

@online{Waymarking,
    url={https://www.waymarking.com/waymarks/WMYG9T_The_Sphere_Ottawa_Ontario},
    author={Waymarking.com},
    title={The Sphere},
    publisher={Groundspeak Inc.}
} 

@online{distfuncs,
	author = {Inigo Quilez},
	title = {Distance Functions},
	url={https://iquilezles.org/articles/distfunctions},
}

% jesus fuck why is this license $8,000
@misc{gurobi,
  author = {{Gurobi Optimization, LLC}},
  title = {{Gurobi Optimizer Reference Manual}},
  year = 2023,
  url = "https://www.gurobi.com"
}

@online{iq2d,
	author = {Inigo Quilez},
	title = {2D Distance Functions},
	  url = {https://iquilezles.org/articles/distfunctions2d/}
}

@online{iqsmooth,
	author = {Inigo Quilez},
	title = {Smooth Minimum},
	url = {https://iquilezles.org/articles/smin/}
}

@online{chicagoMayorEmanuel,
	author = {Mayor's Press Office},
	title = {{M}ayor {E}manuel {A}nnounces {M}illennium {P}ark is {N}ow the #1 {A}ttraction in the {M}idwest and {A}mong the {T}op 10 {M}ost-{V}isited {S}ites in the {U}.{S}.},
	url = {https://www.chicago.gov/city/en/depts/mayor/press_room/press_releases/2017/april/Millennium_Park_Tourism.html},
	year = 2017,
}

@online{ctvnewsParliamentHill,
	author = {CTV News},
	title = {{P}arliament {H}ill tourist facilities overwhelmed},
	url = {https://www.ctvnews.ca/parliament-hill-tourist-facilities-overwhelmed-1.240173},
	year = {2007},
}

@online{canadaQuarterlyProgress,
	author = {Public Services and Procurement Canada},
	title = {{Q}uarterly progress reports on the {C}entre {B}lock project},
	url = {https://www.canada.ca/en/public-services-procurement/services/infrastructure-buildings/parliamentary-precinct/projects-in-parliamentary-precinct/centre-block-project/quarterly-reports.html},
	year = {2023},
}

@online{theclareChicagoHistory,
	author = {The Clare},
	title = {{C}hicago {H}istory: {T}he {I}nside {S}tory behind {C}loud {G}ate},
	url = {https://theclare.com/chicago-bean-history-inside-story-behind-cloud-gate/},
}

@online{everythingChrome,
    author={{S}pongebob {F}anon {W}iki},
	title = {{E}verything is {C}hrome in the {F}uture},
	url = {https://spongefan.fandom.com/wiki/Everything_is_Chrome_in_the_Future},
}

% Bean credits:
% Ottawa: Mitzi
% Chicago: MorenaClara on Wikimedia Commons, CC0 https://commons.wikimedia.org/wiki/File:Cloud_Gate_1.jpg
% NYC: Brecht Bug, CC BY-NC-ND 2.0

% Eiffel tower: Benh LIEU SONG, CC BY-SA 3.0
% Duomo: Bruce Stokes, CC BY-SA 2.0
% David: JÃ¶rg Bittner Unna, CC BY-SA 3.0
% David w tourists: Korido, CC BY-SA 4.0
% Pisa w Tourist: U3207458, CC BY-SA 4.0
% Pisa: Saffron Blaze, CC BY-SA 3.0
% CN tower waterfront: Wladyslaw, CC BY-SA 3.0